@ARTICLE{Yoffe_1993_AP_42_173,
  author  = {A. D. Yoffe},
  title   = {Low-dimensional systems: quantum size effects and electronic
             properties of semiconductor microcrystallites (zero-dimensional
             systems) and some quasi-two-dimensional systems},
  journal = {Adv. Phys.},
  pages   = {173--266},
  volume  = {42},
  year    = {1993}
}

@ARTICLE{Efros_1982_FTP_16_7_1209,
  author   = {{\relax Ал}. Л. Эфрос and А. Л. Эфрос},
  title    = {Межзонное поглощение света в полупроводниковом шаре},
  journal  = {Физика и техника полупроводников},
  year     = {1982},
  volume   = {16},
  number   = {7},
  pages    = {1209--1214},
  language = {russian},
}

@BOOK{Anselm_1978,
  author    = {А. И. Ансельм},
  title     = {Введение в теорию полупроводников},
  publisher = {Наука},
  address   = {Москва},
  year      = {1978},
  language  = {russian}
}

@INPROCEEDINGS{Segall_1968,
  author    = {B. Segall},
  year      = {1968},
  editor    = {S. M. Ryvkin},
  booktitle = {Proceedings of IXth Conference on the Physics of Semiconductors, Moscow, 1968},
  pages     = {425},
  address   = {Leningrad},
  publisher = {Nauka}
}

@INBOOK{Agranovich_1983,
  editor =    {V. M. Agranovich and R. M. Hochstrasser},
  title =     {Spectroscopy and Excitation Dynamics of Condensed Molecular Systems},
  chapter =   {6},
  publisher = {North-Holland},
  year =      {1983},
  series =    {Modern Problems in Condensed Matter Sciences},
  address   = {Amsterdam}
}

@MISC{photosyn,
  url = {http://www.bio.indiana.edu/~hangarterlab/courses/b373/lecturenotes/photosyn/et.html}
  urldate = {10.10.2009 г.}
}
