@ARTICLE{Yoffe_1993_AP_42_173,
  Author  = {A. D. Yoffe},
  Journal = {Adv. Phys.},
  Pages   = {173},
  Volume  = {42},
  Year    = {1993}
}

@ARTICLE{Efros_1982_FTP_16_82_1209,
  Author   = {{\relax Ал}. Л. Эфрос and А. Л. Эфрос},
  Journal  = {Физика и техника полупроводников},
  Pages    = {1209},
  Volume   = {16},
  Year     = {1982},
  Language = {russian}
}

@ARTICLE{Kayanuma_1988_PRB_38_9797,
  Author  = {Y. Kayanuma},
  Journal = {Phys. Rev. B},
  Pages   = {9797},
  Volume  = {38},
  Year    = {1988}
}

@INPROCEEDINGS{Segall_1968,
  Author    = {B. Segall},
  Year      = {1968},
  Editor    = {S. M. Ryvkin},
  Booktitle = {Proceedings of IXth Conference on the Physics of Semiconductors, Moscow, 1968},
  Pages     = {425},
  Address   = {Leningrad},
  Publisher = {Nauka},
}
