@ARTICLE{Ivanov-1999-Journal-17-173,
  Author   = {И. И. Иванов and П. П. Петров and С. С. Сидоров},
  Title    = {Название статьи},
  Journal  = {Название журнала},
  Volume   = {17},
  Pages    = {173--180},
  Year     = {1999},
  Language = {russian}
}

@ARTICLE{Petrov-2001-Journal-23-12321,
  Author   = {П. П. Петров and И. И. Иванов and С. С. Сидоров},
  Title    = {Название статьи},
  Journal  = {Название журнала},
  Volume   = {23},
  Pages    = {12321--12328},
  Year     = {2001},
  Language = {russian}
}

@ARTICLE{Sidorov-2002-Journal-32-1531,
  Author  = {S. S. Sidorov and P. P. Petrov and I. I. Ivanov},
  Title   = {Article Name},
  Journal = {Journal Name},
  Volume  = {32},
  Pages   = {1531--1540},
  Year    = {2002}
}

@ARTICLE{Yoffe-1993-AP-42-173,
  Author  = {A. D. Yoffe},
  Title   = {Low-dimensional systems: quantum size effects and electronic
             properties of semiconductor microcrystallites (zero-dimensional
             systems) and some quasi-two-dimensional systems},
  Journal = {Adv. Phys.},
  Pages   = {173--266},
  Volume  = {42},
  Year    = {1993},
}

@ARTICLE{Efros-1982-FTP-16-7-1209,
  Author   = {{\relax Ал}. Л. Эфрос and А. Л. Эфрос},
  Title    = {Межзонное поглощение света в полупроводниковом шаре},
  Journal  = {Физика и техника полупроводников},
  Year     = {1982},
  Volume   = {16},
  Number   = {7},
  Pages    = {1209--1214},
  Language = {russian},
}

@BOOK{Anselm-1978,
  Author    = {А. И. Ансельм},
  Title     = {Введение в теорию полупроводников},
  Publisher = {Наука},
  Address   = {Москва},
  Year      = {1978},
  Language  = {russian}
}

@INPROCEEDINGS{Segall-1968,
  Author    = {B. Segall},
  Year      = {1968},
  Editor    = {S. M. Ryvkin},
  Booktitle = {Proceedings of IXth Conference on the Physics of Semiconductors, Moscow, 1968},
  Pages     = {425},
  Address   = {Leningrad},
  Publisher = {Nauka},
}
